@misc{Example19,
	author = "Example Author",
	title = "Example Article",
	year = "2019"}